<?xml version="1.0" encoding="UTF-8"?><record xmlns="http://www.loc.gov/MARC21/slim" xmlns:cinclude="http://apache.org/cocoon/include/1.0" xmlns:zs="http://www.loc.gov/zing/srw/">
  <leader>00799nz  a2200205n  4500</leader>
  <controlfield tag="001">no2014167052</controlfield>
  <controlfield tag="003">DLC</controlfield>
  <controlfield tag="005">20141219073611.0</controlfield>
  <controlfield tag="008">141218n| azannaabn          |n aaa     c</controlfield>
  <datafield tag="010" ind1=" " ind2=" ">
    <subfield code="a">no2014167052</subfield>
  </datafield>
  <datafield tag="035" ind1=" " ind2=" ">
    <subfield code="a">(OCoLC)oca10044643</subfield>
  </datafield>
  <datafield tag="040" ind1=" " ind2=" ">
    <subfield code="a">CaNfSM</subfield>
    <subfield code="b">eng</subfield>
    <subfield code="e">rda</subfield>
    <subfield code="c">CaNfSM</subfield>
  </datafield>
  <datafield tag="046" ind1=" " ind2=" ">
    <subfield code="f">1977-05</subfield>
  </datafield>
  <datafield tag="100" ind1="1" ind2=" ">
    <subfield code="a">Reilly, Heather,</subfield>
    <subfield code="d">1977-</subfield>
  </datafield>
  <datafield tag="370" ind1=" " ind2=" ">
    <subfield code="c">Canada</subfield>
    <subfield code="e">Ontario</subfield>
    <subfield code="e">Newfoundland</subfield>
    <subfield code="2">naf</subfield>
  </datafield>
  <datafield tag="373" ind1=" " ind2=" ">
    <subfield code="a">Reilly Books</subfield>
  </datafield>
  <datafield tag="375" ind1=" " ind2=" ">
    <subfield code="a">female</subfield>
  </datafield>
  <datafield tag="377" ind1=" " ind2=" ">
    <subfield code="a">eng</subfield>
  </datafield>
  <datafield tag="670" ind1=" " ind2=" ">
    <subfield code="a">Knight's surrender, 2011: title page (Heather Reilly) back cover (Heather Reilly; currently lives in Ontario; Knight's surrender is her first novel in a set of give known as the Binding of the Almatraek)</subfield>
  </datafield>
  <datafield tag="670" ind1=" " ind2=" ">
    <subfield code="a">Reilly Books web site, December 18, 2014</subfield>
    <subfield code="b">(Heather Reilly; born in May 1977; currently lives in Newfoundland and Ontario)</subfield>
  </datafield>
</record>